<?xml version="1.0" encoding="UTF-8"?><collection><record><leader>06509ntm a2200553 a 4500</leader><controlfield tag="001">006805895</controlfield><controlfield tag="003">MiAaHDL</controlfield><controlfield tag="005">20190719000000.0</controlfield><controlfield tag="006">m        d        </controlfield><controlfield tag="007">cr bn ---auaua</controlfield><controlfield tag="008">090602s1680    xx            00| ||ara d</controlfield><datafield tag="035" ind1=" " ind2=" "><subfield code="a">(MiU)006805895</subfield></datafield><datafield tag="035" ind1=" " ind2=" "><subfield code="a">sdr-miu006805895</subfield></datafield><datafield tag="040" ind1=" " ind2=" "><subfield code="a">MiU</subfield><subfield code="c">MiU</subfield><subfield code="e">amremm</subfield></datafield><datafield tag="043" ind1=" " ind2=" "><subfield code="a">n-us-mi</subfield></datafield><datafield tag="100" ind1="1" ind2=" "><subfield code="6">880-01</subfield><subfield code="a">Qurṭubī, Muḥammad ibn Aḥmad,</subfield><subfield code="d">-1273.</subfield></datafield><datafield tag="240" ind1="1" ind2="0"><subfield code="6">880-02</subfield><subfield code="a">Jāmiʻ li-aḥkām al-Qurʼān.</subfield><subfield code="n">juzʼ 4</subfield></datafield><datafield tag="245" ind1="1" ind2="3"><subfield code="6">880-03</subfield><subfield code="a">al-Juzʼ al-rābiʻ min Tafsīr al-Qurṭubī,</subfield><subfield code="f">[1091, i.e., 1680].</subfield></datafield><datafield tag="260" ind1=" " ind2=" "><subfield code="c">[1680].</subfield></datafield><datafield tag="300" ind1=" " ind2=" "><subfield code="a">450 leaves :</subfield><subfield code="b">paper ;</subfield><subfield code="c">295 x 215 (215 x 121) mm.</subfield></datafield><datafield tag="500" ind1=" " ind2=" "><subfield code="a">Shelfmark: Ann Arbor, University of Michigan, Special Collections Library, Isl. Ms. 461</subfield></datafield><datafield tag="500" ind1=" " ind2=" "><subfield code="a">Origin: As appears in colophon on p.907, transcription completed 17 Jumādá II 1091 [ca. 15 July 1680].</subfield></datafield><datafield tag="500" ind1=" " ind2=" "><subfield code="a">Accompanying materials: a. Scrap of paper with "تفسير الانصاري القرطبي على القرآن" in pencil (pp.1-2) -- b. Inventory cataloguing slip in hand of Winifred Smeaton Thomas (pp.3-4) -- c. Acquisitions slip from Yahuda (pp.5-6).</subfield></datafield><datafield tag="500" ind1=" " ind2=" "><subfield code="a">Former shelfmark: From inner front cover, front flyleaf, and spine label "IL 49c" (likely supplied by Yahuda, see acquisitions slip).</subfield></datafield><datafield tag="500" ind1=" " ind2=" "><subfield code="a">Binding: Pasteboards covered in dark red leather ; Type II binding (with flap) ; doublures (board linings) in marbled paper (mainly in pink, salmon, yellow, and dark blue) ; upper and lower covers carry gold-stamped mandorla (filled with symmetrical vegetal composition, gold leaf lost from ornament on upper cover) with pendants and gold-painted accents, as well as tooled rule-border ; sewn in dark blue thread, two stations ; worked chevron endbands in light blut and yellow, quite good condition ; overall in fair condition with some abrasion and staining, etc.</subfield></datafield><datafield tag="500" ind1=" " ind2=" "><subfield code="a">Support: European laid paper with 8 laid lines per cm. (horizontal), single chain lines spaced roughly 25 mm. apart (vertical), and crown-star-crescent watermark (see pp.39-40, pp.93-94, etc. ; compare Nikolaev, Watermarks of the Ottoman Empire, v.1 nos. 257, 268, 273, etc. and Heawood 1131-1133) ; crisp though thick and sturdy ; highly burnished.</subfield></datafield><datafield tag="500" ind1=" " ind2=" "><subfield code="a">Decoration: Somewhat crudely executed 'illuminated' headpiece (ʻunwān) at opening on p.(8) consisting of rectangular piece with empty 'gold' (golden yellow) cartouche flanked by blue accents surmounted by scalloped semi-circular piece (dome) with flowers in 'gold' with red accents on a blue ground, all surmounted by vertical stalks (tīgh) in blue and red and set into a well of red with black accents ; written area of incipit and facing page surrounded by elaborate frame consisting of gold, green, red and black bands ; written area elsewhere surrounded by double red rule-border ; sūrah and section headings (الاولى، الثانية، الخ) as well as other keywords (قوله تعالى، الخ) rubricated ; textual dividers in the form of red discs ; occasional overlining of Qurʼānic excerpts (see pp.122, 133-34, 155, etc.).</subfield></datafield><datafield tag="500" ind1=" " ind2=" "><subfield code="a">Script: Naskh ; small, compact Egyptian hand ; partially but irregularly seriffed with right-sloping head-serif, slight effect of tilt to the left, curvilinear descenders, pointing in distinct dots, mainly closed counters, somewhat freely ligatured.</subfield></datafield><datafield tag="500" ind1=" " ind2=" "><subfield code="a">Layout: Written in 35 lines per page ; frame-ruled.</subfield></datafield><datafield tag="500" ind1=" " ind2=" "><subfield code="a">Collation: i, IV+1 (9), 43 V(439), V+1 (450), i ; almost exclusively quinions ; middle of the quire marks in the form of quire numbering in Hind-Arabic numerals begins with "٣٠" on p.655 and continues through final quire, concluding with "۴۲" on p.897 rather than p.899 where expected ; catchwords present ; pagination in pencil, Western numerals, supplied during digitization (includes inserts and skips ahead two pages following p.865 with p.868).</subfield></datafield><datafield tag="500" ind1=" " ind2=" "><subfield code="a">Colophon: "Scribal," reads "تمت النسخة المباركة بحمد الله وعونه وحسن توفيقه والحمد لله وحده وكان الفراغ من كتابتها يوم الاحد سابع عشر جمادى الاخرة سنة واحد وتسعين والف من الهجرة النبوية على صاحبها افضل الصلاة واتم التسليم وعلى اله وصحبه اجمعين وسلام على المرسلين والحمد لله رب العالمين"</subfield></datafield><datafield tag="500" ind1=" " ind2=" "><subfield code="a">Explicit: "قال ان الله عز وجل تجاوز لامتي عما حدثت به انفسها ما لم تعمل او تتكلم [تكلم] به رواه ابو هريرة خرجه مسلم والله تعالى اعلم"</subfield></datafield><datafield tag="500" ind1=" " ind2=" "><subfield code="a">Incipit: "سورة يس مكية وهي باجماع من الانصار وهي ثمانون وثلاث ايات الا ان فرقة قالت ان قوله ونكتب ما قدموا واثارهم نزلت في بني سلمة ..."</subfield></datafield><datafield tag="500" ind1=" " ind2=" "><subfield code="a">Title from 'title page' (p.7).</subfield></datafield><datafield tag="500" ind1=" " ind2=" "><subfield code="a">Ms. codex.</subfield></datafield><datafield tag="510" ind1="4" ind2=" "><subfield code="a">Nikolaev, Vsevolod. Watermarks of the mediaeval Ottoman documents in Bulgarian libraries. In Watermarks of the Ottoman Empire, volume 1. (Sofia, 1954),</subfield><subfield code="c">p.103 ff.</subfield></datafield><datafield tag="510" ind1="4" ind2=" "><subfield code="a">Ḥājjī Khalīfah. Kashf al-ẓunūn,</subfield><subfield code="c">ii 499, 3861</subfield></datafield><datafield tag="510" ind1="4" ind2=" "><subfield code="a">Brockelmann, C. GAL</subfield><subfield code="c">I 415</subfield></datafield><datafield tag="520" ind1="8" ind2=" "><subfield code="a">Fine copy of the fourth part of the well-known commentary on the Qurʼān by Abū ʻAbd Allāh Muḥammad ibn Aḥmad ibn Abī Bakr ibn Faraj al-Anṣārī al-Khazrajī al-Andalusī (d.1272), opening in Sūrat Yāsīn (36) and concluding in Sūrat al-Nās (114).</subfield></datafield><datafield tag="538" ind1=" " ind2=" "><subfield code="a">Mode of access: Internet.</subfield></datafield><datafield tag="541" ind1=" " ind2=" "><subfield code="a">Acquired in 1926 from the bookseller Isaac Benjamin S.E. Yahuda via purchase transacted on his behalf by Abraham Shalom Yahuda (1877-1951), his younger brother.</subfield></datafield><datafield tag="546" ind1=" " ind2=" "><subfield code="a">Arabic.</subfield></datafield><datafield tag="561" ind1=" " ind2=" "><subfield code="a">Possibly an effaced waqf statement on 'title page' (p.7), with further effaced statements appearing at the head of the recto of the opening leaf of virtually every quire thereafter (see p.25, 45, 65, etc.) ; occasional marginal corrections.</subfield></datafield><datafield tag="630" ind1="0" ind2="0"><subfield code="a">Qurʼan</subfield><subfield code="x">Commentaries</subfield><subfield code="v">Early works to 1800.</subfield></datafield><datafield tag="650" ind1=" " ind2="0"><subfield code="a">Manuscripts, Arabic</subfield><subfield code="z">Michigan</subfield><subfield code="z">Ann Arbor.</subfield></datafield><datafield tag="773" ind1="0" ind2=" "><subfield code="a">Yahuda Collection.</subfield></datafield><datafield tag="880" ind1="1" ind2="2"><subfield code="6">245-03/</subfield><subfield code="a">الجزء الرابع من تفسير القرطبي,</subfield><subfield code="f">[1091، 1680م].</subfield></datafield><datafield tag="880" ind1="1" ind2="0"><subfield code="6">240-02/</subfield><subfield code="a">جامع لأحكام القرآن.</subfield><subfield code="n">جزء 4</subfield></datafield><datafield tag="880" ind1="1" ind2=" "><subfield code="6">100-01/</subfield><subfield code="a">قرطبي، محمد بن احمد.</subfield></datafield><datafield tag="CID" ind1=" " ind2=" "><subfield code="a">006805895</subfield></datafield><datafield tag="DAT" ind1="0" ind2=" "><subfield code="a">20190719102637.0</subfield><subfield code="b">20190719000000.0</subfield></datafield><datafield tag="DAT" ind1="1" ind2=" "><subfield code="a">20190719090653.0</subfield><subfield code="b">2019-07-19T16:11:41Z</subfield></datafield><datafield tag="DAT" ind1="2" ind2=" "><subfield code="a">2015-10-02T18:00:03Z</subfield></datafield><datafield tag="CAT" ind1=" " ind2=" "><subfield code="a">SDR-MIU</subfield><subfield code="d">EX LIBRIS - ALEPH</subfield><subfield code="l">prepare.pl-004-008</subfield></datafield><datafield tag="FMT" ind1=" " ind2=" "><subfield code="a">BK</subfield></datafield><datafield tag="HOL" ind1=" " ind2=" "><subfield code="0">sdr-miu006805895</subfield><subfield code="a">MiU</subfield><subfield code="b">SDR</subfield><subfield code="c">MIU</subfield><subfield code="p">mdp.39015079127620</subfield><subfield code="s">MIU</subfield><subfield code="1">006805895</subfield></datafield><datafield tag="974" ind1=" " ind2=" "><subfield code="b">MIU</subfield><subfield code="c">MIU</subfield><subfield code="d">20190719</subfield><subfield code="s">lit-dlps-dc</subfield><subfield code="u">mdp.39015079127620</subfield><subfield code="y">1680</subfield><subfield code="r">pd</subfield><subfield code="q">bib</subfield><subfield code="t">non-US bib date1 &lt; 1896</subfield></datafield></record></collection>